@book{ufpr2021plano,
  author    = {{UFPR}; {ONSV}},
  title     = {O Plano Nacional de Redução Mortes e Lesões no Trânsito: O Papel dos Municípios},
  publisher = {Universidade Federal do Paraná; Observatório Nacional de Segurança Viária},
  year      = {2021},
  pages     = {53},
  url       = {https://www.onsv.org.br/pdi/livro-pnatrans-o-papel-dos-municipios},
  address   = {Curitiba}
}

@misc{onsv2024base,
  author    = {{ONSV}},
  title     = {Base de dados roadtrafficdeaths},
  publisher = {Observatório Nacional de Segurança Viária},
  year      = {2024},
  url       = {https://github.com/pabsantos/roadtrafficdeaths}
}

@misc{senatran2024frota,
  author    = {{BRASIL}},
  title     = {Frota de veículos 2024},
  howpublished = {Ministério dos Transportes. Secretaria Nacional de Trânsito (Senatran)},
  year      = {2024},
  url       = {https://www.gov.br/transportes/pt-br/assuntos/transito/conteudo-Senatran/frota-de-veiculos-2024},
  address   = {Brasília, DF}
}

@misc{ibge2023populacao,
  author    = {{INSTITUTO BRASILEIRO DE GEOGRAFIA E ESTATÍSTICA (IBGE)}},
  title     = {Relação da população dos municípios para publicação no TCU em 2023},
  publisher = {IBGE},
  year      = {2023},
  url       = {https://www.ibge.gov.br/estatisticas/sociais/populacao/37734-relacao-da-populacao-dos-municipios-para-publicacao-no-tcu.html},
  address   = {Rio de Janeiro}
}


